<record><leader>00000cas a22000007a 4500</leader><controlfield tag="001">23673038</controlfield><controlfield tag="008">910501d19791980aruwr ne      0    0eng d</controlfield><datafield ind1=" " ind2=" " tag="010"><subfield code="a">sn 91050048 </subfield></datafield><datafield ind1=" " ind2=" " tag="040"><subfield code="a">ANU</subfield><subfield code="b">eng</subfield><subfield code="c">ANU</subfield><subfield code="d">OCLCQ</subfield><subfield code="d">OCLCF</subfield><subfield code="d">OCLCO</subfield></datafield><datafield ind1="1" ind2=" " tag="029"><subfield code="a">AU@</subfield><subfield code="b">000025856116</subfield></datafield><datafield ind1=" " ind2=" " tag="042"><subfield code="a">msc</subfield></datafield><datafield ind1=" " ind2=" " tag="043"><subfield code="a">n-us-ar</subfield></datafield><datafield ind1="0" ind2="0" tag="245"><subfield code="a">Murfreesboro diamond and Pike County courier.</subfield></datafield><datafield ind1="1" ind2="7" tag="246"><subfield code="a">Murfreesboro diamond</subfield><subfield code="f">Feb. 15, 1979-Nov. 20, 1980</subfield></datafield><datafield ind1=" " ind2=" " tag="260"><subfield code="a">Murfreesboro, Ark. :</subfield><subfield code="b">Graves Pub. Co.</subfield></datafield><datafield ind1=" " ind2=" " tag="300"><subfield code="a">v.</subfield></datafield><datafield ind1=" " ind2=" " tag="310"><subfield code="a">Weekly</subfield></datafield><datafield ind1="0" ind2=" " tag="362"><subfield code="a">Vol. 4, no. 21 (Jan. 18, 1979)-v. 6, no. 13 (Nov. 20, 1980).</subfield></datafield><datafield ind1=" " ind2="0" tag="651"><subfield code="a">Murfreesboro (Ark.)</subfield><subfield code="v">Newspapers.</subfield></datafield><datafield ind1=" " ind2="7" tag="655"><subfield code="a">Newspapers.</subfield><subfield code="2">fast</subfield><subfield code="0">(OCoLC)fst01423814</subfield></datafield><datafield ind1=" " ind2="7" tag="651"><subfield code="a">Arkansas</subfield><subfield code="z">Murfreesboro.</subfield><subfield code="2">fast</subfield><subfield code="0">(OCoLC)fst01866847</subfield></datafield><datafield ind1=" " ind2=" " tag="752"><subfield code="a">United States</subfield><subfield code="b">Arkansas</subfield><subfield code="c">Pike</subfield><subfield code="d">Murfreesboro.</subfield></datafield><datafield ind1="0" ind2="4" tag="780"><subfield code="t">Murfreesboro diamond (Murfreesboro, Ark. : 1976)</subfield><subfield code="w">(DLC)sn 91050038</subfield></datafield><datafield ind1="0" ind2="4" tag="780"><subfield code="t">Pike County courier (Murfreesboro, Ark. : 1919)</subfield><subfield code="w">(DLC)sn 85032998</subfield></datafield><datafield ind1="0" ind2="0" tag="785"><subfield code="t">Murfreesboro diamond (Murfreesboro, Ark. : 1980)</subfield><subfield code="w">(DLC)sn 91050039</subfield></datafield></record>